<?xml version="1.0" encoding="UTF-8"?><collection xmlns="http://www.loc.gov/MARC21/slim"><record><leader>00501nam--2200145-i-4500</leader><controlfield tag="001">000008969</controlfield><controlfield tag="002">20161230</controlfield><controlfield tag="005">20161230201028</controlfield><controlfield tag="008">060222s1000------------r-----000-0-eng-d</controlfield><datafield ind1=" " ind2=" " tag="080"><subfield code="a">058.2</subfield></datafield><datafield ind1=" " ind2=" " tag="245"><subfield code="a">Ulrich s international periodicals directory. arts, humanities, business 7 social sciences</subfield></datafield><datafield ind1=" " ind2=" " tag="260"><subfield code="a">New York, R R Bowker Co., 1967, 1968. Xxvii+/541-1315/P</subfield></datafield><datafield ind1=" " ind2=" " tag="490"><subfield code="a">A Classified Guide To A Selected List Of Curre Nt Periodicals.Twelfth Edition</subfield></datafield><datafield ind1=" " ind2=" " tag="700"><subfield code="a">Chicorel, Marietta</subfield></datafield><datafield ind1=" " ind2=" " tag="852"><subfield code="a">28721</subfield></datafield></record></collection>